@article{clerc2002particle,
  title={The particle swarm-explosion, stability, and convergence in a multidimensional complex space},
  author={Clerc, Maurice and Kennedy, James},
  journal={Evolutionary Computation, IEEE Transactions on},
  volume={6},
  number={1},
  pages={58--73},
  year={2002},
  publisher={IEEE}
}

@incollection{blum2008swarm,
  title={Swarm Intelligence in Optimization},
  booktitle={Swarm Intelligence: Introduction and Applications},
  author={Blum, Christian and Li, Xiaodong},
  year={2008},
  editor={Blum, Christian and Merkle, Daniel},
  publisher={Springer}
}

@inproceedings{kennedy2003bare,
  title={Bare bones particle swarms},
  author={Kennedy, James},
  booktitle={Swarm Intelligence Symposium, 2003. SIS'03. Proceedings of the 2003 IEEE},
  pages={80--87},
  year={2003},
  organization={IEEE}
}

@article{zhang2011novel,
  title={Novel bare-bones particle swarm optimization and its performance for modeling vapor--liquid equilibrium data},
  author={Zhang, Haibo and Kennedy, Devid Desfreed and Rangaiah, Gade Pandu and Bonilla-Petriciolet, Adri{\'a}n},
  journal={Fluid Phase Equilibria},
  volume={301},
  number={1},
  pages={33--45},
  year={2011},
  publisher={Elsevier}
}

@article{hsieh2010modified,
  title={A modified algorithm of bare bones particle swarm optimization},
  author={Hsieh, Horng-I and Lee, Tian-Shyug},
  journal={International Journal of Computer Science Issues},
  pages={11},
  year={2010},
  volume={7},
  issue={6},
  publisher={Citeseer}
}

@article{porter2015bayesian,
  title={Bayesian semiparametric hierarchical empirical likelihood spatial models},
  author={Porter, Aaron T and Holan, Scott H and Wikle, Christopher K},
  journal={Journal of Statistical Planning and Inference},
  volume={165},
  pages={78--90},
  year={2015},
  publisher={Elsevier}
}

@article{hughes2013dimension,
  title={Dimension reduction and alleviation of confounding for spatial generalized linear mixed models},
  author={Hughes, John and Haran, Murali},
  journal={Journal of the Royal Statistical Society: Series B (Statistical Methodology)},
  volume={75},
  number={1},
  pages={139--159},
  year={2013},
  publisher={Wiley Online Library}
}
