@article{liu1996metropolized,
  title={Metropolized independent sampling with comparisons to rejection sampling and importance sampling},
  author={Liu, Jun S},
  journal={Statistics and Computing},
  volume={6},
  number={2},
  pages={113--119},
  year={1996},
  publisher={Springer}
}

@inproceedings{drugan2004evolutionary,
  title={Evolutionary {M}arkov chain {M}onte {C}arlo},
  author={Drugan, M{\u{a}}d{\u{a}}lina and Thierens, Dirk},
  booktitle={Artificial Evolution},
  pages={63--76},
  year={2004},
  organization={Springer}
}

@article{laskey2003population,
  title={Population {M}arkov chain {M}onte {C}arlo},
  author={Laskey, Kathryn Blackmond and Myers, James W},
  journal={Machine Learning},
  volume={50},
  number={1-2},
  pages={175--196},
  year={2003},
  publisher={Springer}
}

@article{earl2005parallel,
  title={Parallel tempering: Theory, applications, and new perspectives},
  author={Earl, David J and Deem, Michael W},
  journal={Physical Chemistry Chemical Physics},
  volume={7},
  number={23},
  pages={3910--3916},
  year={2005},
  publisher={Royal Society of Chemistry}
}

@article{neal2011mcmc,
  title={{MCMC} using {H}amiltonian dynamics},
  author={Neal, Radford M},
  journal={Handbook of Markov Chain Monte Carlo},
  volume={2},
  year={2011}
}