@article{simpson2017adaptively,
  title={Adaptively tuned particle swarm optimization with application to spatial design},
  author={Simpson, Matthew and Wikle, Christopher K and Holan, Scott H},
  journal={Stat},
  volume={6},
  number={1},
  pages={145--159},
  year={2017},
  publisher={Wiley Online Library}
}

@article{young2016zero,
  title={Zero-inflated Modelling for Characterizing Coverage Errors of Extracts from the {US} {C}ensus {B}ureau's {M}aster {A}ddress {F}ile},
  author={Young, Derek S and Raim, Andrew M and Johnson, Nancy R},
  journal={Journal of the Royal Statistical Society: Series A (Statistics in Society)},
  year={2016},
  volume={180},
  number = {1},
  pages = {73--97},
  doi = {10.1111/rssa.12183},
}

@book{le2006statistical,
  title={Statistical Analysis of Environmental Space-Time Processes},
  author={Le, Nhu D and Zidek, James V},
  year={2006},
  publisher={Springer-Verlag},
  address={New York},
  doi={10.1007/0-387-35429-8}
}

@book{muller2007collecting,
  title={Collecting Spatial Data: Optimum Design of Experiments for Random Fields},
  author={M{\"u}ller, Werner G},
  year={2007},
  publisher={Springer-Verlag},
  address={Berlin},
  doi = {10.1007/978-3-540-31175-1}
}

@book{mateu2012spatio,
  title={Spatio-Temporal Design: Advances in Efficient Data Acquisition},
  author={Mateu, Jorge and M{\"u}ller, Werner G},
  year={2012},
  publisher={John Wiley \& Sons, Ltd},
  doi={10.1002/9781118441862},
  address={West Sussex, United Kingdom}
}

@Manual{bendtsen2012pso,
  title = {pso: Particle Swarm Optimization},
  author = {Claus Bendtsen},
  year = {2012},
  note = {{R} package version 1.0.3},
  url = {https://CRAN.R-project.org/package=pso},
}


@Article{ggmap2013,
  author = {David Kahle and Hadley Wickham},
  title = {ggmap: Spatial Visualization with ggplot2},
  journal = {The {R} Journal},
  year = {2013},
  volume = {5},
  number = {1},
  pages = {144--161},
  url = {http://journal.r-project.org/archive/2013-1/kahle-wickham.pdf},
}

@Manual{rgeos2016,
  title = {rgeos: Interface to Geometry Engine - Open Source (GEOS)},
  author = {Roger Bivand and Colin Rundel},
  year = {2016},
  note = {{R} package version 0.3-21},
  url = {https://CRAN.R-project.org/package=rgeos},
}


@article{tanner1987calculation,
  title={The calculation of posterior distributions by data augmentation},
  author={Tanner, Martin A and Wong, Wing Hung},
  journal={Journal of the American statistical Association},
  volume={82},
  number={398},
  pages={528--540},
  year={1987},
  publisher={Taylor \& Francis}
}

@Manual{R2016,
  title = {{R}: A Language and Environment for Statistical Computing},
  author = {{{R} Core Team}},
  organization = {{R} Foundation for Statistical Computing},
  address = {Vienna, Austria},
  year = {2016},
  url = {https://www.R-project.org/},
}

@article{miller1994algorithm,
  title={Algorithm AS 295: A Fedorov exchange algorithm for D-optimal design},
  author={Miller, Alan J and Nguyen, Nam-Ky},
  journal={Journal of the royal statistical society. series c (applied statistics)},
  volume={43},
  number={4},
  pages={669--677},
  year={1994},
  publisher={JSTOR}
}

@article{wikle2005dynamic,
  title={Dynamic design of ecological monitoring networks for non-{G}aussian spatio-temporal data},
  author={Wikle, Christopher K and Royle, J Andrew},
  journal={Environmetrics},
  volume={16},
  number={5},
  pages={507--522},
  year={2005},
  doi = {10.1002/env.718},

}

@article{wikle1999space,
  title={Space-Time dynamic design of environmental monitoring networks},
  author={Wikle, Christopher K and Royle, J Andrew},
  journal={Journal of Agricultural, Biological, and Environmental Statistics},
  pages={489--507},
  year=1999,
  volume=4,
  number=4,
  doi={10.2307/1400504}
}

@incollection{nychka1998design,
  title={Design of air-quality monitoring networks},
  author={Nychka, Douglas and Saltzman, Nancy},
  booktitle={Case Studies in Environmental Statistics},
  editor={Nychka, Douglas and Piegorsch, Walter W. and Cox, Lawrence H.},
  pages={51--76},
  year={1998},
  publisher={Springer},
  address={New York},
  doi={10.1007/978-1-4612-2226-2_4}
}

@article{hamada2001finding,
  title={Finding near-optimal {B}ayesian experimental designs via genetic algorithms},
  author={Hamada, M and Martz, HF and Reese, CS and Wilson, AG},
  journal={The American Statistician},
  volume={55},
  number={3},
  pages={175--181},
  year={2001},
  publisher={Taylor \& Francis},
  doi = {10.1198/000313001317098121},
}

@article{ensor2013case,
  title={A Case-Crossover Analysis of Out-of-Hospital Cardiac Arrest and Air Pollution},
  author={Ensor, Katherine B. and Raun, Loren H. and Persse, David},
  journal={Circulation},
  volume={127},
  number={11},
  pages={1192--1199},
  year={2013},
  doi = {10.1161/CIRCULATIONAHA.113.000027},
  publisher = {American Heart Association, Inc.},
}

@inproceedings{monson2005exposing,
  title={Exposing Origin-Seeking Bias in {PSO}},
  author={Monson, Christopher K and Seppi, Kevin D},
  booktitle = {Proceedings of the 7th Annual Conference on Genetic and Evolutionary Computation},
  pages={241--248},
  year={2005},
  address = {New York},
  publisher = {ACM},
  doi = {10.1145/1068009.1068045},
}

@article{spears2010biases,
  title={Biases in Particle Swarm Optimization},
  author={Spears, William M and Green, Derek T and Spears, Diana F},
  journal={International Journal of Swarm Intelligence Research},
  volume={1},
  number={2},
  pages={34--57},
  year={2010},
  doi={doi:10.4018/jsir.2010040103},
}

@inproceedings{helwig2007particle,
  title={Particle Swarm Optimization in High-Dimensional Bounded Search Spaces},
  author={Helwig, Sabine and Wanka, Rolf},
  booktitle={2007 IEEE Swarm Intelligence Symposium},
  pages={198--205},
  year={2007},
  organization={IEEE}
}

@unpublished{clerc2006stagnation,
  title={Stagnation Analysis in Particle Swarm Optimisation or What Happens When Nothing Happens},
  author={Clerc, Maurice},
  month={Dec},
  year={2006},
  note = {17 pages. https://hal.archives-ouvertes.fr/hal-00122031},
}

@inproceedings{zhang2003adaptive,
  title={An Adaptive {PSO} Algorithm for Reactive Power Optimization},
  author={Zhang, Wen and Liu, Yutian and Clerc, M},
  booktitle={IET Conference Proceedings},
  pages={302--307},
  year={2003},
  publisher ={Institution of Engineering and Technology},
  doi={10.1049/cp:20030603},
}

@article{miranda2008stochastic,
  title={Stochastic Star Communication Topology in Evolutionary Particle Swarms ({EPSO})},
  author={Miranda, Vladimiro and Keko, Hrvoje and Duque, Alvaro Jaramillo},
  journal={International journal of computational intelligence research},
  volume={4},
  number={2},
  pages={105--116},
  year={2008}
}

@article{zimmerman1992mean,
  title={Mean Squared Prediction Error in the Spatial Linear Model with Estimated Covariance Parameters},
  author={Zimmerman, Dale L and Cressie, Noel},
  journal={Annals of the Institute of Statistical Mathematics},
  volume={44},
  number={1},
  pages={27--43},
  year={1992},
  doi={10.1007/BF00048668},
}

@article{abt1999estimating,
  title={Estimating the Prediction Mean Squared Error in {G}aussian Stochastic Processes with Exponential Correlation Structure},
  author={Abt, Markus},
  journal={Scandinavian Journal of Statistics},
  volume={26},
  number={4},
  pages={563--578},
  year={1999},
  publisher = {Blackwell Publishers Ltd},
  issn = {1467-9469},
  doi = {10.1111/1467-9469.00168},
}

@unpublished{clerc2011spso,
  title={Standard Particle Swarm Optimisation},
  author={Clerc, Maurice},
  year={2012},
  note={15 pages. https://hal.archives-ouvertes.fr/hal-00764996}
}

@article{fuentes2007bayesian,
  title={Bayesian Entropy for Spatial Sampling Design of Environmental Data},
  author={Fuentes, Montserrat and Chaudhuri, Arin and Holland, David M},
  journal={Environmental and Ecological Statistics},
  volume={14},
  number={3},
  pages={323--340},
  year={2007},
  publisher={Springer}
}

@article{ebrahimi2010information,
  title={Information Measures in Perspective},
  author={Ebrahimi, Nader and Soofi, Ehsan S and Soyer, Refik},
  journal={International Statistical Review},
  volume={78},
  number={3},
  pages={383--412},
  year={2010},
  publisher={Wiley Online Library}
}

@book{cressie2011statistics,
  title={Statistics for Spatio-Temporal Data},
  author={Cressie, Noel and Wikle, Christopher K},
  year={2011},
  address={Hoboken, NJ},
  publisher={John Wiley \& Sons}
}

@article{zimmerman2006optimal,
  title={Optimal Network Design for Spatial Prediction, Covariance Parameter Estimation, and Empirical Prediction},
  author={Zimmerman, Dale L},
  journal={Environmetrics},
  volume={17},
  number={6},
  pages={635--652},
  year={2006},
  publisher = {John Wiley & Sons, Ltd.},
  doi = {10.1002/env.769},
}

@article{gelman2006prior,
  title={Prior Distributions for Variance Parameters in Hierarchical Models (Comment on Article by {B}rowne and {D}raper)},
  author={Gelman, Andrew},
  journal={Bayesian analysis},
  volume={1},
  number={3},
  pages={515--534},
  year={2006},
  publisher={International Society for Bayesian Analysis}
}

@incollection{bernardo2003non,
  title={Non-centered Parameterisations for Hierarchical Models and Data Augmentation},
  author={Bernardo, JM and Bayarri, MJ and Berger, JO and Dawid, AP and Heckerman, D and Smith, AFM and West, M},
  booktitle={Bayesian Statistics 7: Proceedings of the Seventh Valencia International Meeting},
  pages={307--326},
  year={2003},
  publisher={Oxford University Press},
  address={London}
}


@article{gelfand1995efficient,
  title={Efficient Parametrisations for Normal Linear Mixed Models},
  author={Gelfand, Alan E and Sahu, Sujit K and Carlin, Bradley P},
  journal={Biometrika},
  volume={82},
  number={3},
  pages={479--488},
  year={1995},
  publisher={Biometrika Trust}
}


@article{roberts1997updating,
  title={Updating Schemes, Correlation Structure, Blocking and Parameterization for the {G}ibbs Sampler},
  author={Roberts, Gareth O and Sahu, Sujit K},
  journal={Journal of the Royal Statistical Society: Series B (Statistical Methodology)},
  volume={59},
  number={2},
  pages={291--317},
  year={1997},
  publisher={Wiley Online Library}
}

@article{van2001art,
  title={The Art of Data Augmentation},
  author={Van Dyk, David and Meng, Xiao-Li},
  journal={Journal of Computational and Graphical Statistics},
  volume={10},
  number={1},
  year={2001},
  pages={1--50}
}


@book{stroup2012generalized,
  title={Generalized linear mixed models: modern concepts, methods and applications},
  author={Stroup, Walter W},
  year={2012},
  publisher={CRC press}
}

@manual{R2008,
  title = {R: A Language and Environment for Statistical Computing},
  author = {{R Development Core Team}},
  organization = {R Foundation for Statistical Computing},
  address = {Vienna, Austria},
  year = {2008},
  note = {{ISBN} 3-900051-07-0},
  url = {http://www.R-project.org},
}

@article{bradley2016regionalization,
  title={Regionalization of multiscale spatial processes by using a criterion for spatial aggregation error},
  author={Bradley, Jonathan R and Wikle, Christopher K and Holan, Scott H},
  journal={Journal of the Royal Statistical Society: Series B (Statistical Methodology)},
  year={2016},
  publisher={Wiley Online Library}
}

@book{gelman2006data,
  title={Data analysis using regression and multilevel/hierarchical models},
  author={Gelman, Andrew and Hill, Jennifer},
  year={2006},
  publisher={Cambridge University Press}
}

@article{tuppadung2011comparing,
  title={Comparing nonlinear inertia weights and constriction factors in particle swarm optimization},
  author={Tuppadung, Yutthapong and Kurutach, Werasak},
  journal={International Journal of Knowledge-based and Intelligent Engineering Systems},
  volume={15},
  number={2},
  pages={65--70},
  year={2011},
  doi={10.3233/KES-2010-0211},
}

@inproceedings{eberhart2000comparing,
  title={Comparing inertia weights and constriction factors in particle swarm optimization},
  author={Eberhart, Russ C and Shi, Yuhui},
  booktitle={Evolutionary Computation, 2000. Proceedings of the 2000 Congress on},
  volume={1},
  pages={84--88},
  year={2000},
  doi={10.1109/CEC.2000.870279},
  organization={IEEE}
}

@article{fruhwirth2008bayesian,
  title={Bayesian parsimonious covariance estimation for hierarchical linear mixed models},
  author={Fr{\"u}hwirth-Schnatter, Sylvia and T{\"u}chler, Regina},
  journal={Statistics and Computing},
  volume={18},
  number={1},
  pages={1--13},
  year={2008},
  publisher={Springer}
}

@article{chen2003random,
  title={Random effects selection in linear mixed models},
  author={Chen, Zhen and Dunson, David B},
  journal={Biometrics},
  volume={59},
  number={4},
  pages={762--769},
  year={2003},
  publisher={Wiley Online Library}
}

@article{bradley2015multivariate,
  title={Multivariate spatio-temporal models for high-dimensional areal data with application to longitudinal employer-household dynamics},
  author={Bradley, Jonathan R and Holan, Scott H and Wikle, Christopher K},
  journal={Annals of Applied Statistics},
  volume={9},
  number={4},
  pages={1761-1791},
  year={2015}
}

@article{andrieu2008tutorial,
  title={A tutorial on adaptive {MCMC}},
  author={Andrieu, Christophe and Thoms, Johannes},
  journal={Statistics and Computing},
  volume={18},
  number={4},
  pages={343--373},
  year={2008},
  publisher={Springer},
  issn={1573-1375},
  doi={10.1007/s11222-008-9110-y}
}

@article{roberts2009examples,
  title={Examples of adaptive {MCMC}},
  author={Roberts, Gareth O and Rosenthal, Jeffrey S},
  journal={Journal of Computational and Graphical Statistics},
  volume={18},
  number={2},
  pages={349--367},
  year={2009},
  publisher={Taylor \& Francis}
}

@article{haario2001adaptive,
  title={An adaptive {M}etropolis algorithm},
  author={Haario, Heikki and Saksman, Eero and Tamminen, Johanna},
  journal={Bernoulli},
  pages={223--242},
  year={2001},
  publisher={JSTOR}
}

@article{haario1999adaptive,
  title={Adaptive proposal distribution for random walk {M}etropolis algorithm},
  author={Haario, Heikki and Saksman, Eero and Tamminen, Johanna},
  journal={Computational Statistics},
  volume={14},
  number={3},
  pages={375--396},
  year={1999},
  publisher={Citeseer}
}

@incollection{gelman1996efficient,
  title={Efficient {M}etropolis jumping rules},
  author={Gelman, Andrew and Roberts, G and Gilks, W},
  booktitle={Bayesian statistics 5},
  editor={Bernardo, JM and Berger, JO and Dawid, AP and Smith, AFM},
  pages={599--608},
  year=1996,
  publisher={Oxford University Press},
  address={Oxford}
}

@article{goldberg1988genetic,
  title={Genetic algorithms and machine learning},
  author={Goldberg, David E and Holland, John H},
  journal={Machine learning},
  volume={3},
  number={2},
  pages={95--99},
  year={1988},
  publisher={Springer}
}

@article{smith1972algorithm,
  title={Algorithm {AS} 53: {W}ishart variate generator},
  author={Smith, WB and Hocking, RR},
  journal={Journal of the Royal Statistical Society. Series C (Applied Statistics)},
  volume={21},
  number={3},
  pages={341--345},
  year={1972},
  publisher={JSTOR}
}

@article{hofert2013sampling,
  author       = {Marius Hofert},
  title        = {On Sampling from the Multivariate $t$ Distribution},
  journal      = {The R Journal},
  year         = 2013,
  volume       = 5,
  number       = 2,
  pages        = {129--136},
  month        = dec,
  url          = {http://journal.r-project.org/archive/2013-2/hofert.pdf}
}

@inproceedings{bousquet2008tradeoffs,
  title={The tradeoffs of large scale learning},
  author={Bousquet, Olivier and Bottou, L{\'e}on},
  booktitle={Advances in neural information processing systems},
  pages={161--168},
  year={2008}
}

@inproceedings{gudise2003comparison,
  title={Comparison of particle swarm optimization and backpropagation as training algorithms for neural networks},
  author={Gudise, Venu G and Venayagamoorthy, Ganesh K},
  booktitle={Swarm Intelligence Symposium, 2003. SIS'03. Proceedings of the 2003 IEEE},
  pages={110--117},
  year={2003},
  organization={IEEE}
}

@article{bashir2009applying,
  title={Applying wavelets to short-term load forecasting using PSO-based neural networks},
  author={Bashir, ZA and El-Hawary, ME},
  journal={Power Systems, IEEE Transactions on},
  volume={24},
  number={1},
  pages={20--27},
  year={2009},
  publisher={IEEE}
}

@inproceedings{divband2010comparison,
  title={A Comparison of Particle Swarm Optimization and Gradient Descent in Training Wavelet Neural Network to Predict {DGPS} Corrections},
  author={Divband, Mohammad},
  booktitle={Proceedings of the World Congress on Engineering and Computer Science},
  volume={1},
  year={2010},
  organization={Citeseer}
}

@article{huber1964robust,
  title={Robust estimation of a location parameter},
  author={Huber, Peter J and others},
  journal={The Annals of Mathematical Statistics},
  volume={35},
  number={1},
  pages={73--101},
  year={1964},
  publisher={Institute of Mathematical Statistics}
}

@article{campos2014bare,
  title={Bare bones particle swarm optimization with scale matrix adaptation},
  author={Campos, Mauro and Krohling, Renato A and Enriquez, Ivan},
  journal={Cybernetics, IEEE Transactions on},
  volume={44},
  number={9},
  pages={1567--1578},
  year={2014},
  publisher={IEEE}
}

@inproceedings{richer2006levy,
  title={The {L}{\'e}vy particle swarm},
  author={Richer, Toby J and Blackwell, Tim M},
  booktitle={Evolutionary Computation, 2006. CEC 2006. IEEE Congress on},
  pages={808--815},
  year={2006},
  organization={IEEE}
}

@article{porter2015bayesian,
  title={Bayesian semiparametric hierarchical empirical likelihood spatial models},
  author={Porter, Aaron T and Holan, Scott H and Wikle, Christopher K},
  journal={Journal of Statistical Planning and Inference},
  volume={165},
  pages={78--90},
  year={2015},
  publisher={Elsevier}
}

@article{hughes2013dimension,
  title={Dimension reduction and alleviation of confounding for spatial generalized linear mixed models},
  author={Hughes, John and Haran, Murali},
  journal={Journal of the Royal Statistical Society: Series B (Statistical Methodology)},
  volume={75},
  number={1},
  pages={139--159},
  year={2013},
  publisher={Wiley Online Library}
}

@article{tiefelsdorf2007semiparametric,
  title={Semiparametric filtering of spatial autocorrelation: the eigenvector approach},
  author={Tiefelsdorf, Michael and Griffith, Daniel A},
  journal={Environment and Planning A},
  volume={39},
  number={5},
  pages={1193--1221},
  year={2007},
  publisher={SAGE Publications}
}

@article{griffith2004spatial,
  title={A spatial filtering specification for the autologistic model},
  author={Griffith, Daniel A},
  journal={Environment and Planning A},
  volume={36},
  number={10},
  pages={1791--1811},
  year={2004},
  publisher={SAGE Publications}
}

@article{griffith2002spatial,
  title={A spatial filtering specification for the auto-Poisson model},
  author={Griffith, Daniel A},
  journal={Statistics \& probability letters},
  volume={58},
  number={3},
  pages={245--251},
  year={2002},
  publisher={Elsevier}
}

@article{griffith2000linear,
  title={A linear regression solution to the spatial autocorrelation problem},
  author={Griffith, Daniel A},
  journal={Journal of Geographical Systems},
  volume={2},
  number={2},
  pages={141--156},
  year={2000},
  publisher={Springer}
}

@article{wikle2003hierarchical,
  title={Hierarchical Models in Environmental Science},
  author={Wikle, Christopher K and others},
  journal={International Statistical Review},
  volume={71},
  number={2},
  pages={181--199},
  year={2003},
  publisher={International Statistical Institute}
}

@incollection{berliner1996hierarchical,
  title={Hierarchical {B}ayesian time series models},
  author={Berliner, L Mark},
  booktitle={Maximum entropy and {B}ayesian methods},
  pages={15--22},
  year={1996},
  publisher={Springer}
}

@article{metropolis1953equation,
  title={Equation of state calculations by fast computing machines},
  author={Metropolis, Nicholas and Rosenbluth, Arianna W and Rosenbluth, Marshall N and Teller, Augusta H and Teller, Edward},
  journal={The journal of chemical physics},
  volume={21},
  number={6},
  pages={1087--1092},
  year={1953},
  publisher={AIP Publishing}
}

@article{hastings1970monte,
  title={Monte {C}arlo sampling methods using {M}arkov chains and their applications},
  author={Hastings, W Keith},
  journal={Biometrika},
  volume={57},
  number={1},
  pages={97--109},
  year={1970},
  publisher={Biometrika Trust}
}

@book{schervish1997theory,
  title={Theory of statistics},
  author={Schervish, Mark J},
  year=1997,
  publisher={Springer Science \& Business Media}
}

@article{carpenter2015stan,
  title={Stan: a probabilistic programming language},
  author={Carpenter, Bob and Gelman, Andrew and Hoffman, Matt and Lee, Daniel and Goodrich, Ben and Betancourt, Michael and Brubaker, Marcus A and Guo, Jiqiang and Li, Peter and Riddell, Allen},
  journal={Journal of Statistical Software},
  year={2015}
}

@article{neal2011mcmc,
  title={{MCMC} using {H}amiltonian dynamics},
  author={Neal, Radford M and others},
  journal={Handbook of {M}arkov Chain {M}onte {C}arlo},
  volume={2},
  pages={113--162},
  year={2011}
}

@article{homan2014no,
  title={The no-{U}-turn sampler: Adaptively setting path lengths in {H}amiltonian {M}onte {C}arlo},
  author={Homan, Matthew D and Gelman, Andrew},
  journal={The Journal of Machine Learning Research},
  volume={15},
  number={1},
  pages={1593--1623},
  year={2014},
  publisher={JMLR. org}
}

@article{rue2009approximate,
  title={Approximate {B}ayesian inference for latent {G}aussian models by using integrated nested {L}aplace approximations},
  author={Rue, H{\aa}vard and Martino, Sara and Chopin, Nicolas},
  journal={Journal of the royal statistical society: Series {B} (statistical methodology)},
  volume={71},
  number={2},
  pages={319--392},
  year={2009},
  publisher={Wiley Online Library}
}

@book{magnus2007matrix,
  title={Matrix differential calculus with applications in statistics and econometrics},
  author={Magnus, Jan R and Neudecker, Heinz},
  address={New York},
  publisher={John Wiley \& Sons},
  edition={3rd},
  website={http://www.janmagnus.nl/misc/mdc2007-3rdedition},
  year=2005
}

@article{magnus1980elimination,
  title={The elimination matrix: some lemmas and applications},
  author={Magnus, Jan R and Neudecker, H},
  journal={SIAM Journal on Algebraic Discrete Methods},
  volume={1},
  number={4},
  pages={422--449},
  year={1980},
  publisher={SIAM}
}

@book{magnus1988linear,
  title={Linear structures},
  author={Magnus, Jan R},
  year={1988},
  series={Griffin's Statistical Monographs and Courses},
  number={42},
  publisher={Oxford University Press},
  address={New York}
}

@article{liu1996metropolized,
  title={Metropolized independent sampling with comparisons to rejection sampling and importance sampling},
  author={Liu, Jun S},
  journal={Statistics and Computing},
  volume={6},
  number={2},
  pages={113--119},
  year={1996},
  publisher={Springer}
}

@book{robert2013monte,
  title={Monte {C}arlo statistical methods},
  author={Robert, Christian and Casella, George},
  year={2013},
  edition={2nd},
  publisher={Springer Science \& Business Media}
}

@article{taylor2014inla,
  title={{INLA} or {MCMC}? A tutorial and comparative evaluation for spatial prediction in log-{G}aussian {C}ox processes},
  author={Taylor, Benjamin M and Diggle, Peter J},
  journal={Journal of Statistical Computation and Simulation},
  volume={84},
  number={10},
  pages={2266--2284},
  year={2014},
  publisher={Taylor \& Francis}
}

@article{ferrari2004beta,
  title={Beta regression for modelling rates and proportions},
  author={Ferrari, Silvia and Cribari-Neto, Francisco},
  journal={Journal of Applied Statistics},
  volume={31},
  number={7},
  pages={799--815},
  year={2004},
  publisher={Taylor \& Francis}
}

@article{zhang2011novel,
  title={Novel bare-bones particle swarm optimization and its performance for modeling vapor--liquid equilibrium data},
  author={Zhang, Haibo and Kennedy, Devid Desfreed and Rangaiah, Gade Pandu and Bonilla-Petriciolet, Adri{\'a}n},
  journal={Fluid Phase Equilibria},
  volume={301},
  number={1},
  pages={33--45},
  year={2011},
  publisher={Elsevier}
}

@article{clerc2002particle,
  title={The particle swarm---explosion, stability, and convergence in a multidimensional complex space},
  author={Clerc, Maurice and Kennedy, James},
  journal={Evolutionary Computation, IEEE Transactions on},
  volume={6},
  number={1},
  pages={58--73},
  year={2002},
  publisher={IEEE},
  doi={10.1109/4235.985692}
}

@incollection{blum2008swarm,
  title={Swarm Intelligence in Optimization},
  booktitle={Swarm Intelligence: Introduction and Applications},
  author={Blum, Christian and Li, Xiaodong},
  year={2008},
  editor={Blum, Christian and Merkle, Daniel},
  publisher={Springer-Verlag},
  pages={43--85},
  address={Berlin},
  isbn={978-3-540-74089-6},
  doi={10.1007/978-3-540-74089-6_2},
}

@article{hsieh2010modified,
  title={A modified algorithm of bare bones particle swarm optimization},
  author={Hsieh, Horng-I and Lee, Tian-Shyug},
  journal={International Journal of Computer Science Issues},
  pages={12--17},
  year={2010},
  volume={7},
  issue={6},
  publisher={Citeseer}
}

@book{clerc2010particle,
  title={Particle swarm optimization},
  author={Clerc, Maurice},
  year={2010},
  publisher={John Wiley \& Sons},
  doi={10.1002/9780470612163}
}

@inproceedings{kennedy2003bare,
  title={Bare bones particle swarms},
  author={Kennedy, James},
  booktitle={Swarm Intelligence Symposium, 2003. SIS '03. Proceedings of the 2003 IEEE},
  pages={80--87},
  year={2003},
  organization={IEEE},
  doi={10.1109/SIS.2003.1202251},
}

@inproceedings{krohling2009bare,
  title={Bare bones particle swarm optimization with {G}aussian or {C}auchy jumps},
  author={Krohling, Renato and Mendel, Eduardo and others},
  booktitle={Evolutionary Computation, 2009. CEC'09. IEEE Congress on},
  pages={3285--3291},
  year={2009},
  organization={IEEE}
}